@article{bezanson2017julia,
  title = {Julia: A Fresh Approach to Numerical Computing},
  author = {Bezanson, Jeff and Edelman, Alan and Karpinski, Stefan and Shah, Viral B},
  date = {2017},
  journaltitle = {SIAM review},
  volume = {59},
  number = {1},
  pages = {65--98},
  publisher = {{SIAM}},
  doi = {10.1137/141000671},
  url = {https://doi.org/10.1137/141000671},
}

@inproceedings{geTuringLanguageFlexible2018,
  title = {Turing: A {{Language}} for {{Flexible Probabilistic Inference}}},
  shorttitle = {Turing},
  booktitle = {International {{Conference}} on {{Artificial Intelligence}} and {{Statistics}}},
  author = {Ge, Hong and Xu, Kai and Ghahramani, Zoubin},
  date = {2018-03-31},
  pages = {1682--1690},
  publisher = {{PMLR}},
  issn = {2640-3498},
  url = {http://proceedings.mlr.press/v84/ge18b.html},
  urldate = {2021-02-20},
  eventtitle = {International {{Conference}} on {{Artificial Intelligence}} and {{Statistics}}},
  langid = {english},
}

@book{gelman2013bayesian,
  title = {Bayesian {{Data Analysis}}},
  author = {Gelman, Andrew and Carlin, John B and Stern, Hal S and Dunson, David B and Vehtari, Aki and Rubin, Donald B},
  date = {2013},
  publisher = {{Chapman and Hall/CRC}}
}

@article{vandeschootBayesianStatisticsModelling2021,
  title = {Bayesian Statistics and Modelling},
  author = {van de Schoot, Rens and Depaoli, Sarah and King, Ruth and Kramer, Bianca and MÃ¤rtens, Kaspar and Tadesse, Mahlet G. and Vannucci, Marina and Gelman, Andrew and Veen, Duco and Willemsen, Joukje and Yau, Christopher},
  options = {useprefix=true},
  date = {2021-01-14},
  journaltitle = {Nature Reviews Methods Primers},
  volume = {1},
  number = {1},
  pages = {1--26},
  publisher = {{Nature Publishing Group}},
  issn = {2662-8449},
  doi = {10.1038/s43586-020-00001-2},
  url = {https://www.nature.com/articles/s43586-020-00001-2},
  urldate = {2021-02-15},
  issue = {1},
  langid = {english},
}

@article{vanderweeleMediationAnalysisPractitioner2016,
  title = {Mediation {{Analysis}}: A {{Practitioner}}'s {{Guide}}},
  shorttitle = {Mediation {{Analysis}}},
  author = {VanderWeele, Tyler J.},
  date = {2016},
  journaltitle = {Annual Review of Public Health},
  shortjournal = {Annu Rev Public Health},
  volume = {37},
  eprint = {26653405},
  eprinttype = {pmid},
  pages = {17--32},
  issn = {1545-2093},
  doi = {10.1146/annurev-publhealth-032315-021402},
  langid = {english},
  keywords = {Bias,Causality,Confounding Factors; Epidemiologic,direct effects,Epidemiologic Research Design,indirect effects,Logistic Models,mechanism,pathway analysis,Time Factors}
}

@article{yuanBayesianMediationAnalysis2009,
  title = {Bayesian Mediation Analysis.},
  author = {Yuan, Ying and MacKinnon, David P.},
  date = {2009},
  journaltitle = {Psychological Methods},
  volume = {14},
  number = {4},
  pages = {301--322},
  publisher = {{American Psychological Association}},
  location = {{US}},
  issn = {1939-1463(Electronic),1082-989X(Print)},
  doi = {10.1037/a0016972},
  keywords = {*Inference,*Statistical Analysis,*Statistical Estimation,Statistical Probability}
}

